@article{lei,
  author    = {Tao Lei and
               Hrishikesh Joshi and
               Regina Barzilay and
               Tommi S. Jaakkola and
               Kateryna Tymoshenko and
               Alessandro Moschitti and
               Llu{\'{\i}}s M{\`{a}}rquez i Villodre},
  title     = {Denoising Bodies to Titles: Retrieving Similar Questions with Recurrent
               Convolutional Models},
  journal   = {CoRR},
  volume    = {abs/1512.05726},
  year      = {2015},
  url       = {http://arxiv.org/abs/1512.05726},
  archivePrefix = {arXiv},
  eprint    = {1512.05726},
  timestamp = {Wed, 07 Jun 2017 14:40:30 +0200},
  biburl    = {http://dblp.org/rec/bib/journals/corr/LeiJBJTMV15},
  bibsource = {dblp computer science bibliography, http://dblp.org}
}

@ARTICLE{ganin,
   author = {{Ganin}, Y. and {Lempitsky}, V.},
    title = "{Unsupervised Domain Adaptation by Backpropagation}",
  journal = {ArXiv e-prints},
archivePrefix = "arXiv",
   eprint = {1409.7495},
 primaryClass = "stat.ML",
 keywords = {Statistics - Machine Learning, Computer Science - Learning, Computer Science - Neural and Evolutionary Computing},
     year = 2014,
    month = sep,
   adsurl = {http://adsabs.harvard.edu/abs/2014arXiv1409.7495G},
  adsnote = {Provided by the SAO/NASA Astrophysics Data System}
}

@article{zhang,
  author    = {Yuan Zhang and
               Regina Barzilay and
               Tommi S. Jaakkola},
  title     = {Aspect-augmented Adversarial Networks for Domain Adaptation},
  journal   = {CoRR},
  volume    = {abs/1701.00188},
  year      = {2017},
  url       = {http://arxiv.org/abs/1701.00188},
  archivePrefix = {arXiv},
  eprint    = {1701.00188},
  timestamp = {Tue, 15 Aug 2017 16:09:09 +0200},
  biburl    = {http://dblp.org/rec/bib/journals/corr/ZhangBJ17},
  bibsource = {dblp computer science bibliography, http://dblp.org}
}

@article{hochreiter,
 author = {Hochreiter, Sepp and Schmidhuber, J\"{u}rgen},
 title = {Long Short-Term Memory},
 journal = {Neural Comput.},
 issue_date = {November 15, 1997},
 volume = {9},
 number = {8},
 month = nov,
 year = {1997},
 issn = {0899-7667},
 pages = {1735--1780},
 numpages = {46},
 url = {http://dx.doi.org/10.1162/neco.1997.9.8.1735},
 doi = {10.1162/neco.1997.9.8.1735},
 acmid = {1246450},
 publisher = {MIT Press},
 address = {Cambridge, MA, USA},
}

@ARTICLE{lecun, 
author={Y. LeCun and L. Bottou and Y. Bengio and P. Haffner}, 
journal={Proceedings of the IEEE}, 
title={Gradient-based learning applied to document recognition}, 
year={1998}, 
volume={86}, 
number={11}, 
pages={2278-2324}, 
keywords={backpropagation;convolution;multilayer perceptrons;optical character recognition;2D shape variability;GTN;back-propagation;cheque reading;complex decision surface synthesis;convolutional neural network character recognizers;document recognition;document recognition systems;field extraction;gradient based learning technique;gradient-based learning;graph transformer networks;handwritten character recognition;handwritten digit recognition task;high-dimensional patterns;language modeling;multilayer neural networks;multimodule systems;performance measure minimization;segmentation recognition;Character recognition;Feature extraction;Hidden Markov models;Machine learning;Multi-layer neural network;Neural networks;Optical character recognition software;Optical computing;Pattern recognition;Principal component analysis}, 
doi={10.1109/5.726791}, 
ISSN={0018-9219}, 
month={Nov},}

@inproceedings{pennington,
  author = {Jeffrey Pennington and Richard Socher and Christopher D. Manning},
  booktitle = {Empirical Methods in Natural Language Processing (EMNLP)},
  title = {GloVe: Global Vectors for Word Representation},
  year = {2014},
  pages = {1532--1543},
  url = {http://www.aclweb.org/anthology/D14-1162},
}

@article{kingma,
  author    = {Diederik P. Kingma and
               Jimmy Ba},
  title     = {Adam: {A} Method for Stochastic Optimization},
  journal   = {CoRR},
  volume    = {abs/1412.6980},
  year      = {2014},
  url       = {http://arxiv.org/abs/1412.6980},
  archivePrefix = {arXiv},
  eprint    = {1412.6980},
  timestamp = {Wed, 07 Jun 2017 14:40:52 +0200},
  biburl    = {http://dblp.org/rec/bib/journals/corr/KingmaB14},
  bibsource = {dblp computer science bibliography, http://dblp.org}
}

@article{hinton,
  author    = {Geoffrey E. Hinton and
               Nitish Srivastava and
               Alex Krizhevsky and
               Ilya Sutskever and
               Ruslan Salakhutdinov},
  title     = {Improving neural networks by preventing co-adaptation of feature detectors},
  journal   = {CoRR},
  volume    = {abs/1207.0580},
  year      = {2012},
  url       = {http://arxiv.org/abs/1207.0580},
  archivePrefix = {arXiv},
  eprint    = {1207.0580},
  timestamp = {Wed, 07 Jun 2017 14:40:12 +0200},
  biburl    = {http://dblp.org/rec/bib/journals/corr/abs-1207-0580},
  bibsource = {dblp computer science bibliography, http://dblp.org}
}

@article{guo,
  author    = {Jiang Guo},
  title     = {Android question dataset},
  year      = {2017},
  url       = {https://github.com/jiangfeng1124/Android}
}